@article{xie,
title={Edge-Weighted Personalized PageRank: Breaking A Decade-Old Performance Barrier},
author={{W. Xie}  {D. Bindel} {A. Demers} {J. Gehrke}},
journal={Proceeding of ACM KDD 2015},
  year={2015},
}

@misc{snapnets,
	author = {Jure Leskovec and Andrej Krevl},
	title  = {{SNAP Datasets}: {Stanford} Large Network Dataset Collection},
	howpublished = {{http://snap.stanford.edu/data}},
	month        = jun,
	year         = 2014
}

@misc{facebook,
	author = {J. McAuley and J. Leskovec },
	title  = {Learning to Discover Social Circles in Ego Networks},
	howpublished = {NIPS},
	year         = 2012
}

@misc{dblp,
	author = {J. Yang and J. Leskovec.},
	title = {Defining and Evaluating Network Communities based on Ground
		d-truth.},
	howpublished = {ICDM},
	year = 2012
}



